% https://verbosus.com/bibtex-style-examples.html

@online{MED-Andalucia,
	title = {\textit{Mapa de Elevaciones del Terreno de Andalucía}},
	author= {Junta de Andalucía, Consejería de Medio Ambiente y Ordenación del Territorio de la},
	howpublished = "Disponible en: \url{http://www.juntadeandalucia.es/medioambiente/site/rediam/},
	Acceso en: 30 de Mayo 2018",
	url = {http://www.juntadeandalucia.es/medioambiente/site/rediam/menuitem.04dc44281e5d53cf8ca78ca731525ea0/?vgnextoid=f6284d9721fa3410VgnVCM2000000624e50aRCRD&vgnextchannel=8ca090a63670f210VgnVCM2000000624e50aRCRD&vgnextfmt=rediam&lr=lang_es#apartadoa6284d9721fa3410VgnVCM2000000624e50a____}
}

@online{gisESRI,
	title = {\textit{Descubre los GIS}},
	author= {ESRI España},
	howpublished = "Disponible en: \url{http://www.esri.es/descubre-los-gis/},
	Acceso en: 9 de Mayo 2018",
	url = {http://www.esri.es/descubre-los-gis/}
}





@online{comparacion-MDT-MDE,
	title = {\textit{Outras Publicações e Trabalhos Sobre as Ruínas de Machu Picchu, Peru}},
	author= {Reinaldo Escada Chohfi},
	howpublished = "Disponible en: \url{http://sustentavel.geodesign.com.br/reinaldo/outras_pub_mp.html},
	Acceso en: 7 de Junio 2018",
	url = {http://sustentavel.geodesign.com.br/reinaldo/outras_pub_mp.html}
	note = {Copyright \textcopyright 2012 Reinaldo Escada Chohfi.}
}

@conference{congreso-ritsi,
	title        = {\textit{{SIG}: {La} ciencia que nos permite entender cómo funciona el mundo}},
	author       = {Marta Dávila}, 
	organization = {ESRI España}, 
	note = {Congreso Estatal RITSI IX 13 de Abril de 2018 en la Universidad Politécnica de Madrid}
}

@misc{AsignaturaSIG,
	author       = {José Samos Jiménez}, 
	title        = {\textit{Sistemas de Información Geográficos (SIG)}},
	note         = {Asignatura impartida por el Dpto. de Lenguajes y Sistemas Informáticos en la ETSIIT (UGR). Curso 2017-2018}
}

@online{definicion-cartografia,
	title = {\textit{Definición de Cartografía}},
	author= {{D}iccionario de la {R}eal {A}cademia {E}spañola}
}


@online{definicion-geografia,
	title = {\textit{Definición de Geografía}},
	author= {{D}iccionario de la {R}eal {A}cademia {E}spañola}
}


@online{definicion-informacion,
	title = {\textit{Definición de Información}},
	author= {{D}iccionario de la {R}eal {A}cademia {E}spañola}
}


@online{definicion-sistema,
	title = {\textit{Definición de Sistema}},
	author= {{D}iccionario de la {R}eal {A}cademia {E}spañola}
}

@online{dielmo,
	title = {\textit{Modelo Digital del Terreno: Modelo Digital de Elevaciones y Modelo Digital del Terreno (MDT) de alta precicsión}},
	author= {Dielmo 3D},
	howpublished = "Disponible en: \url{http://www.dielmo.com/modelo-digital-del-terreno/}
	Acceso en: 3 de Junio 2018",
	url = {http://www.dielmo.com/modelo-digital-del-terreno/}
}


@online{ejemplo-granada,
	title = {\textit{Granada Human Smart City}},
	author= {ESRI España},
	howpublished = "Disponible en: \url{http://www.esri.es/caso-de-exito/granada-human-smartcity/},
	Acceso en: 9 de Mayo 2018",
	url = {http://www.esri.es/caso-de-exito/granada-human-smartcity/}
}



@online{IGN,
	title = {\textit{Centro Nacional de Información Geográfica}},
	author= {Instituto Geográfico Nacional},
	howpublished = "Disponible en: $<$\url{http://www.ign.es/web/ign/portal}$>$,
	Acceso en: 20 de Mayo 2018",
	url = {http://www.ign.es/web/ign/portal}
}

@online{ImagenCapasMapas,
	title = {\textit{GIS data layers visualization}},
	author= {Science for a changing world (USGS)},
	howpublished = "Disponible en: \url{https://www.usgs.gov/media/images/gis-data-layers-visualization},
	Acceso en: 20 de Mayo 2018",
	url = {https://www.usgs.gov/media/images/gis-data-layers-visualization}
}

@online{insolacion-Andalucia,
	title = {\textit{WMS Modelo de insolación potencial media anual en Andalucía (simplificado)}},
	author= {Consejería de Medioambiente y Ordenación del Territorio},
	howpublished = "Disponible en: \url{http://www.juntadeandalucia.es/medioambiente/site/rediam/menuitem.aedc2250f6db83cf8ca78ca731525ea0/?vgnextoid=5e5c7c119370f210VgnVCM2000000624e50aRCRD},
	Acceso en: 11 de Junio 2018",
	url = {http://www.juntadeandalucia.es/medioambiente/site/rediam/menuitem.04dc44281e5d53cf8ca78ca731525ea0/?vgnextoid=4ce329ae298c5310VgnVCM2000000624e50aRCRD&vgnextchannel=69fffa937370f210VgnVCM1000001325e50aRCRD&vgnextfmt=rediam&lr=lang_e}
}


@online{Instituto-Andalucia,
	title = {\textit{Instituto de Estadística y Cartografía}},
	author= {Consejería de Economía y Conocimiento de la Junta de Andalucía},
	howpublished = "Disponible en: \url{http://www.juntadeandalucia.es/institutodeestadisticaycartografia/},
	Acceso en: 3 de Junio 2018",
	url = {http://www.juntadeandalucia.es/institutodeestadisticaycartografia/}
}


@online{instituto-geografico-nacional,
	title = {\textit{Comparador de Mapas}},
	author= {Instituto Geográfico Nacional},
	howpublished = "Disponible en: \url{http://www.ign.es/web/mapasantiguos/#map=5/-1669792.36/4163881.14/0},
	Acceso en: 9 de Mayo 2018",
	url = {http://www.ign.es/web/mapasantiguos/#map=5/-1669792.36/4163881.14/0}
}


@online{LIDAR,
	title = {\textit{?`Qué son los datos LIDAR?}},
	author= {ArcGIS},
	howpublished = "Disponible en: \url{http://desktop.arcgis.com/es/arcmap/10.3/manage-data/las-dataset/what-is-lidar-data-.htm},
	Acceso en: 3 de Junio 2018",
	url = {http://desktop.arcgis.com/es/arcmap/10.3/manage-data/las-dataset/what-is-lidar-data-.htm}
}


@online{mapa-granada-antiguo,
	title = {\textit{Mapas y planos de Granada}},
	author= {Biblioteca Nacional de España},
	howpublished = "Disponible en: \url{http://www.adurcal.com/enlaces/mancomunidad/mapas/bne/granada.htm},
	Acceso en: 31 de Mayo 2018",
	url = {http://www.adurcal.com/enlaces/mancomunidad/mapas/bne/granada.htm}
}

@online{mapa-topografico,
	title = {\textit{Mapa Topográfico de Andalucía 1:10000}},
	author= {Cartografía digital de Andalucía (CartoETSA)},
	howpublished = "Disponible en: \url{http://institucional.us.es/rrcartografia/index.php?option=com_content&view=article&id=124:mapatopo2&catid=119:hojas&Itemid=96},
	Acceso en: 20 de Mayo 2018",
	url = {http://institucional.us.es/rrcartografia/index.php?option=com_content&view=article&id=124:mapatopo2&catid=119:hojas&Itemid=96}
}




@online{MDE1,
	title = {\textit{Modelos Digitales de Elevación}},
	author= {Instituto Nacional de Estadística y Geografía (INEGI)},
	howpublished = "Disponible en: \url{http://www.beta.inegi.org.mx/contenidos/temas/mapas/relieve/continental/metadatos/mde.pdf},
	Acceso en: 3 de Junio 2018",
	url = {http://www.beta.inegi.org.mx/contenidos/temas/mapas/relieve/continental/metadatos/mde.pdf}
}


@online{MDT,
	title = {\textit{Tema 7: El Modelo Digital de Terreno (MDT)}},
	author= {SIG  y  Teledetección en la Universidad de Murcia },
	howpublished = "Disponible en: \url{http://www.um.es/geograf/sigmur/},
	Acceso en: 20 de Mayo 2018",
	url = {http://www.um.es/geograf/sigmur/}
}


@online{MDT-Oviedo,
	title = {\textit{La utilización de los MDT en los estudios del medio físico}},
	author= {Ángel Manuel Felicísimo},
	note={Universidad de Oviedo, Escuela de Ingeniería de Minas, Energía y Materiales},
	howpublished = "Disponible en: \url{http://www6.uniovi.es/~feli/pdf/ITGE_150a.pdf},
	Acceso en: 3 de Junio 2018",
	url = {http://www6.uniovi.es/~feli/pdf/ITGE_150a.pdf}
}

lida
@online{MDT-MDE,
	title = {\textit{Aplicação de técnicas de processamento e análise de imagens para detecção de edificações e vegetação a partir de dados LiDAR}},
	author= {Researchgate},
	howpublished = "Disponible en: \url{https://www.researchgate.net/publication/321035035_Aplicacao_de_tecnicas_de_processamento_e_analise_de_imagens_para_deteccao_de_edificacoes_e_vegetacao_a_partir_de_dados_LiDAR/figures?lo=1},
	Acceso en: 7 de Junio 2018",
	url = {https://www.researchgate.net/publication/321035035_Aplicacao_de_tecnicas_de_processamento_e_analise_de_imagens_para_deteccao_de_edificacoes_e_vegetacao_a_partir_de_dados_LiDAR/figures?lo=1}
}

@online{MTN50,
	title = {\textit{Mapas de España}},
	author= {Instituto Geografico Nacional},
	howpublished = "Disponible en: \url{https://cnig.es/buscarArtsMenu.do?opcionMenu=MESPA\_MTN50},
	Acceso en: 20 de Mayo 2018",
	url = {https://cnig.es/buscarArtsMenu.do?opcionMenu=MESPA\_MTN50}
}


@online{QGIS,
	title = {\textit{Un Sistema de Información Geográfica libre y de Código Abierto}},
	author= {Página oficial de QGIS},
	howpublished = "Disponible en: \url{https://qgis.org/es/site/},
	Acceso en: 20 de Mayo 2018",
	url = {https://qgis.org/es/site/}
}


@online{R,
	title = {\textit{RStudio}},
	author= {Open source and enterprise-ready professional software for R},
	howpublished = "Disponible en: \url{https://www.rstudio.com},
	Acceso en: 3 de Junio 2018",
	url = {https://www.rstudio.com}
}

@online{raster,
	title = {\textit{?`Qué son los datos ráster?}},
	author= {ArcGIS},
	howpublished = "Disponible en: \url{http://desktop.arcgis.com/es/arcmap/10.3/manage-data/raster-and-images/what-is-raster-data.htm},
	Acceso en: 6 de Junio 2018"
	url = {http://desktop.arcgis.com/es/arcmap/10.3/manage-data/raster-and-images/what-is-raster-data.htm}
}



@online{sigdeletras,
	title = {\textit{?`Qué es un Modelo Digital de Terreno?}},
	author= {SIGdeletras: Tecnologías de Información Geográfica },
	howpublished = "Disponible en: \url{http://www.sigdeletras.com/2016/que-es-un-modelo-digital-de-terreno/},
	Acceso en: 4 de Junio 2018",
	url = {http://www.sigdeletras.com/2016/que-es-un-modelo-digital-de-terreno/}
}

@book{Star1990Prentice,
	title={Geographic information systems: an introduction},
	author={Star, J. and Estes, J.E.},
	number={21},
	note={Prentice Hall 1990, ISBN 9780133511239}
	isbn={9780133511239},
	lccn={89033220},
	series={Prentice Hall series in geographic information science},
	url={https://books.google.es/books?id=KL1PAQAAIAAJ},
	year={1990},
	publisher={Prentice Hall}
}

@online{tipos-datos-sig,
	title = {\textit{Tipos de SIG}},
	author= {Confederación de Empresarios de Andalucía (CEA)},
	howpublished = "Disponible en: \url{http://sig.cea.es/tipos_SIG},
	Acceso en: 9 de Mayo 2018",
	url = {http://sig.cea.es/tipos_SIG}
}

@book{Tomlin1990Prentice,
	title={GIS and Cartographic Modeling},
	author={Tomlin, C.D.},
	note= {Esri Press 2013, ISBN 9781589483095}
	isbn={9781589483095},
	lccn={2012010809},
	url={https://books.google.es/books?id=sUB7-RVaTcQC},
	year={2013},
	publisher={Esri Press}
}


@online{transporte-publico-madrid,
	title = {\textit{La red de transporte público en el municipio de Madrid}},
	author= {ESRI España},
	howpublished = "Disponible en: \url{https://geogeeks.maps.arcgis.com/apps/MapJournal/index.html?appid=540fc7207ee246609abfc01374110272},
	Acceso en: 9 de Mayo 2018",
	url = {https://geogeeks.maps.arcgis.com/apps/MapJournal/index.html?appid=540fc7207ee246609abfc01374110272}
}

@online{UTM,
	title = {\textit{Proyección Universal Transversal de Mercator}},
	author= {ArcGIS},
	howpublished = "Disponible en: \url{http://desktop.arcgis.com/es/arcmap/10.3/guide-books/map-projections/universal-transverse-mercator.htm},
	Acceso en: 3 de Junio 2018",
	url = {http://desktop.arcgis.com/es/arcmap/10.3/guide-books/map-projections/universal-transverse-mercator.htm}
}


@book{VictorOlaya,
	author = {Olaya, Victor},
	title = {Sistemas de Información Geográfica},
	publisher = {CreateSpace Independent Publishing Platform},
	year = {2014},
	note = {ISBN 1530295947}
}


@online{WGS84,
	title = {\textit{WGS84 reference frame}},
	author= {Wikimedia Commons},
	howpublished = "Disponible en: \url{https://commons.wikimedia.org/wiki/File:WGS_84_reference_frame.png},
	Acceso en: 6 de Junio 2018",
	url = {https://commons.wikimedia.org/wiki/File:WGS_84_reference_frame.png}
}


% http://www.gisandbeers.com/descarga-de-dem-mundiales-mde/ 



@article{n55a2,
	title = {\textit{Cálculo de la distribución espacial de la insolación potencial en el terreno empleando MDE en un ambiente SIG}},
	author= {Alberto Gómez-Tagle Chávez y Yolanda Chávez Huerta},
	note = {Investigaciones Geográficas, Boletín del Instituto de Geografía UNAM, ISSN 0188-4611, Núm. 55, 2004, pp. 7-22}
}

@article{S1350482706002258,
	title = {\textit{On the use of the digital elevation model to estimate the solar radiation in areas of complex topography}},
	author= {J. Tovar-Pescador, D. Pozo-Vázquez, J. A. Ruiz-Arias, J. Batlles, G. López y J. L. Bosch},
	note = {Meteorol. Appl. 13, 279–287 (2006) doi: 10.1017/S1350482706002258}
}

@online{azimut,
	title = {\textit{Entendiendo el Azimut y la Elevación}},
	author= {Rafael Pons},
	howpublished = "Disponible en: \url{https://www.photopills.com/es/articulos/entendiendo-el-azimut-la-elevacion},
	Acceso en: 6 de Junio 2018",
	url = {https://www.photopills.com/es/articulos/entendiendo-el-azimut-la-elevacion}
}


@online{azimut-calcular,
	title = {\textit{?`Qué es una carta solar?}},
	author= {Sebastián Castillo Serrano},
	howpublished = "Disponible en: \url{http://scsarquitecto.cl/carta-solar/},
	Acceso en: 6 de Junio 2018",
	url = {http://scsarquitecto.cl/carta-solar/}
	note = {Publicado el 19/08/2016}
}



@online{cartas-solares,
	title = {\textit{Cartas solares}},
	author= {Instituto de Tecnologías Educativas, Ministerio de Educación},
	howpublished = "Disponible en: \url{https://fjferrer.webs.ull.es/Apuntes3/Leccion02/31_cartas_solares.html},
	Acceso en: 15 de Junio 2018",
	url = {https://fjferrer.webs.ull.es/Apuntes3/Leccion02/31_cartas_solares.html}
}


@online{calcular-online-azimut-elevacion,
	title = {\textit{Cálculo del ángulo de elevación del sol y ángulo acimut}},
	author= {SunEarthTools.com},
	howpublished = "Disponible en: \url{https://www.sunearthtools.com/dp/tools/pos_sun.php},
	Acceso en: 15 de Junio 2018",
	url = {https://www.sunearthtools.com/dp/tools/pos_sun.php}
}


@online{R1,
	title = {\textit{Raster 01: Plot Raster Data in R}},
	author= {Leah A. Wasser and Megan A. Jones and Zack Brym and Kristina Riemer and Jason Williams and Jeff Hollister and Mike Smorul},
	howpublished = "Disponible en: \url{https://www.neonscience.org/dc-plot-raster-data-r},
	Acceso en: 15 de Junio 2018",
	url = {https://www.neonscience.org/dc-plot-raster-data-r}
}

@online{mosaic,
	title = {\textit{R documentation mosaic}},
	author= {David Meyer},
	howpublished = "Disponible en: \url{https://www.rdocumentation.org/packages/vcd/versions/1.4-4/topics/mosaic},
	Acceso en: 16 de Junio 2018",
	url = {https://www.rdocumentation.org/packages/vcd/versions/1.4-4/topics/mosaic},
	note={Package vcd v1.4-4}
}

@article{RQGIS,
	author = {Jannes Muenchow and Patrick Schratz and Alexander Brenning},
	title = {{RQGIS: Integrating R with QGIS for Statistical Geocomputing}},
	year = {2017},
	journal = {{The R Journal}},
	url = {https://journal.r-project.org/archive/2017/RJ-2017-067/index.html},
	pages = {409--428},
	volume = {9},
	number = {2}
}


@online{getData,
	title = {\textit{R documentation getData}},
	author= {Robert Hijmans},
	howpublished = "Disponible en: \url{https://www.rdocumentation.org/packages/raster/versions/2.6-7/topics/getData},
	Acceso en: 17 de Junio 2018",
	url = {https://www.rdocumentation.org/packages/raster/versions/2.6-7/topics/getData},
	note={Package raster v2.6-7}
}

@online{paquete-R,
	title = {\textit{Creación de paquetes R con Rstudio}},
	author= {Angelo Santana and Carmen Nieves Hernández},
	howpublished = "Disponible en: \url{http://www.dma.ulpgc.es/profesores/personal/stat/cursoR4ULPGC/16-crearPaquetes.html},
	Acceso en: 17 de Junio 2018",
	url = {http://www.dma.ulpgc.es/profesores/personal/stat/cursoR4ULPGC/16-crearPaquetes.html},
	note={Departamento de Matemáticas, ULPGC}
}


@online{getData,
	title = {\textit{R documentation sunAnge}},
	author= {Dan Kelley},
	howpublished = "Disponible en: \url{https://www.rdocumentation.org/packages/oce/versions/0.9-23/topics/sunAngle},
	Acceso en: 17 de Junio 2018",
	url = {https://www.rdocumentation.org/packages/oce/versions/0.9-23/topics/sunAngle},
	note={Package oce v0.9-23}
}


